@book{LQAPSM2017,
title={Localización de Videojuegos},
author={Muñóz Sánchez, Pablo},
publisher={Editorial Síntesis},
year={2017}
}
@report{NZIngreso2024,
title={Newzoo's Global Games Market Report 2024},
author={Newzoo},
institution={Newzoo},
year={2024}
}
@misc{Localization,
  author       = {Abhi Chatterjee},
  title        = {Diferencias entre internacionalización y localización (i18n y l10n)},
  howpublished = {\url{https://www.multilocale.com/blog/es/diferencias-entre-internacionalizacion-y-localizacion-i18n-y-l10n}},
  year         = {2023}
}
@misc{QA,
  author       = {
Cameron Hashemi-Pour and Alexander-S-Gillis},
  title        = {What is quality assurance (QA)?},
  howpublished = {\url{https://www.techtarget.com/searchsoftwarequality/definition/quality-assurance}},
  year         = {2024}
}
@misc{LQA,
  author       = {
Ivan Belcic},
  title        = {What is localization quality assurance (LQA)??},
  howpublished = {\url{https://www.gridly.com/blog/what-is-localization-quality-assurance-lqa/}},
  year         = {2022}
}
@misc{Codificacion,
  title        = {Codificacion},
  howpublished = {\url{https://conceptos.es/codificacion}},
  year         = {2025}
}
@misc{WhatIsOCR,
  author       = {AWS},
  title        = {¿Qué es el reconocimiento óptico de caracteres (OCR)?},
  howpublished = {\url{https://aws.amazon.com/es/what-is/ocr/}},
  year         = {2024}
}
@misc{TesseractOCR,
  author       = {TesseractDoc},
  title        = {Improving the quality of the output},
  howpublished = {\url{https://tesseract-ocr.github.io/tessdoc/ImproveQuality.html}},
  year         = {2023}
}
@misc{OcropusOCR,
  author       = {OcropusDoc},
  title        = {Extracting text from an image using Ocropus},
  howpublished = {\url{https://www.danvk.org/2015/01/09/extracting-text-from-an-image-using-ocropus.html}},
  year         = {2015}
}
@misc{CER,
  author       = {LightningAi},
  title        = {Char Error Rate},
  howpublished = {\url{https://lightning.ai/docs/torchmetrics/stable/text/char_error_rate.html}}
}
@misc{OpenCVProcessing,
  author       = {OpenCV},
  title        = {Image Processing in OpenCV},
  howpublished = {\url{https://docs.opencv.org/4.x/d2/d96/tutorial_py_table_of_contents_imgproc.html}},
  year         = {2025}
}
@misc{LevDistance,
  author       = {geeksforgeeks},
  title        = {Introduction to Levenshtein distance},
  howpublished = {\url{https://www.geeksforgeeks.org/introduction-to-levenshtein-distance/}},
  year         = {2024}
}
@misc{Regex,
  author       = {Carles Gaya Arasa},
  title        = {¿Que son las expresiones regulares?(RegEx)},
  howpublished = {\url{https://www.viewnext.com/que-son-las-expresiones-regulares-regex/}},
  year         = {2022}
}
@phdthesis{Joseda,
  title = {Testing Automatizado para la localización en videojuegos},
  author = {Jose Daniel Rave Robayo},
  year = 2023,
  month = {Junio},
  note = {Disponible en \url{https://github.com/JosedaMachine/LocalizationTesting-CollabProject}},
  school = {Universidad Complutense},
  type = {Proyecto de Investigación}
}